@online{web:MDN/MainThread,
	title = {Main thread},
	urldate = {2021-03-24},
	url = {https://developer.mozilla.org/en-US/docs/Glossary/Main_thread}
}

@online{web:MDN/DOM,
	title = {Introduction to the DOM},
	urldate = {2021-03-24},
	url = {https://developer.mozilla.org/en-US/docs/Web/API/Document_Object_Model/Introduction}
}

% možná odebrat??
@online{web:HTML5Rocks/CanvasImprovePerformance,
	title = {Improving HTML5 Canvas Performance},
	urldate = {2021-03-26},
	url = {https://www.html5rocks.com/en/tutorials/canvas/performance/#toc-batch}
}

@online{web:MDN/CanvasRenderingContext2D/arc,
	title = {CanvasRenderingContext2D.arc()},
	urldate = {2021-03-26},
	url = {https://developer.mozilla.org/en-US/docs/Web/API/CanvasRenderingContext2D/arc}
}

@online{web:MDN/CanvasRenderingContext2D/closePath,
	title = {CanvasRenderingContext2D.closePath()},
	urldate = {2021-03-26},
	url = {https://developer.mozilla.org/en-US/docs/Web/API/CanvasRenderingContext2D/closePath}
}

@online{web:MDN/CanvasRenderingContext2D/fill,
	title = {CanvasRenderingContext2D.fill()},
	urldate = {2021-03-26},
	url = {https://developer.mozilla.org/en-US/docs/Web/API/CanvasRenderingContext2D/fill}
}

@online{web:MDN/OffscreenCanvas,
	title = {OffscreenCanvas},
	urldate = {2021-04-02},
	url = {https://developer.mozilla.org/en-US/docs/Web/API/OffscreenCanvas}
}

@online{web:CanIUse/OffscreenCanvas,
	title = {OffscreenCanvas},
	urldate = {2021-04-02},
	url = {https://www.caniuse.com/offscreencanvas}
}

@online{web:NodeJS/About,
	title = {About Node.js®},
	urldate = {2021-04-05},
	url = {https://nodejs.org/en/about/}
}

@book{book:AndrewLombardi/WebSocket,
	author     = {LOMBARDI, Andrew},
	title      = {WebSocket},
	date       = 2015,
	publisher  = {O'Reilly},
	location   = {Sebastopol},
	isbn = {978-1449369279}
}

@online{web:IETF/rfc6455,
	title = {The WebSocket Protocol},
	urldate = {2021-04-08},
	url = {https://tools.ietf.org/html/rfc6455}
}

% možná odebrat??
@online{web:MDN/WebSocketAPI,
	title = {The WebSocket API (WebSockets)},
	urldate = {2021-04-05},
	url = {https://developer.mozilla.org/en-US/docs/Web/API/WebSockets_API}
}

@online{web:CanIUse/WebSockets,
	title = {Web Sockets},
	urldate = {2021-04-08},
	url = {https://caniuse.com/websockets}
}